<?xml version="1.0" encoding="UTF-8"?>
<collection xmlns:xsi="http://www.w3.org/2001/XMLSchema-instance" xsi:schemaLocation="http://www.loc.gov/MARC21/slim http://www.loc.gov/standards/marcxml/schema/MARC21slim.xsd" xmlns="http://www.loc.gov/MARC21/slim">
<record>
  <leader>01746cam a2200361 a 4500</leader>
  <controlfield tag="001">963402</controlfield>
  <controlfield tag="003">NNC</controlfield>
  <controlfield tag="005">20140126210439.0</controlfield>
  <controlfield tag="008">910501m19601963ir h     b    000 0 arard</controlfield>
  <datafield tag="010" ind1=" " ind2=" ">
    <subfield code="a">NE 64000354 </subfield>
  </datafield>
  <datafield tag="035" ind1=" " ind2=" ">
    <subfield code="a">(OCoLC)23491786</subfield>
  </datafield>
  <datafield tag="035" ind1=" " ind2=" ">
    <subfield code="a">(OCoLC)ocm23491786</subfield>
  </datafield>
  <datafield tag="035" ind1=" " ind2=" ">
    <subfield code="a">(CStRLIN)NYCG91-B45978</subfield>
  </datafield>
  <datafield tag="035" ind1=" " ind2=" ">
    <subfield code="9">AFG3391CU</subfield>
  </datafield>
  <datafield tag="035" ind1=" " ind2=" ">
    <subfield code="a">(NNC)963402</subfield>
  </datafield>
  <datafield tag="035" ind1=" " ind2=" ">
    <subfield code="a">963402</subfield>
  </datafield>
  <datafield tag="040" ind1=" " ind2=" ">
    <subfield code="c">NN</subfield>
    <subfield code="d">NN</subfield>
    <subfield code="d">CtY</subfield>
    <subfield code="d">UkMaJRU</subfield>
  </datafield>
  <datafield tag="050" ind1="0" ind2=" ">
    <subfield code="a">B753.G33</subfield>
    <subfield code="b">I54</subfield>
  </datafield>
  <datafield tag="066" ind1=" " ind2=" ">
    <subfield code="c">(3</subfield>
  </datafield>
  <datafield tag="100" ind1="1" ind2=" ">
    <subfield code="6">880-01</subfield>
    <subfield code="a">Fayḍ al-Kāshī, Muḥammad ibn Murtaḍá,</subfield>
    <subfield code="d">1598 or 1599-1680 or 1681.</subfield>
  </datafield>
  <datafield tag="245" ind1="1" ind2="3">
    <subfield code="6">880-02</subfield>
    <subfield code="a">al-Maḥajjah al-bayḍāʾ fī tahdhīb al-Iḥyāʾ /</subfield>
    <subfield code="c">taʾlīf Muḥammad ibn al-Murtaḍá al-madʻū bi-al-Mawlá Muḥsin al-Kāshānī ; ṣaḥḥaḥahu wa-ʻallaqa ʻalayhi ʻAlī Akbar al-Ghaffārī.</subfield>
  </datafield>
  <datafield tag="260" ind1=" " ind2=" ">
    <subfield code="6">880-03</subfield>
    <subfield code="a">Ṭihrān :</subfield>
    <subfield code="b">Maktabat al-Ṣadūq,</subfield>
    <subfield code="c">1339-42 [1960-63 or 4]</subfield>
  </datafield>
  <datafield tag="300" ind1=" " ind2=" ">
    <subfield code="a">8 v. :</subfield>
    <subfield code="b">facsims. ;</subfield>
    <subfield code="c">25 cm.</subfield>
  </datafield>
  <datafield tag="504" ind1=" " ind2=" ">
    <subfield code="a">Bibliography: v. 1, p.[36]-38.</subfield>
  </datafield>
  <datafield tag="600" ind1="0" ind2="0">
    <subfield code="6">880-04</subfield>
    <subfield code="a">Ghazzālī,</subfield>
    <subfield code="d">1058-1111.</subfield>
    <subfield code="t">Iḥyāʼ ʻulūm al-dīn.</subfield>
  </datafield>
  <datafield tag="700" ind1="1" ind2=" ">
    <subfield code="6">880-05</subfield>
    <subfield code="a">Ghaffārī, ʻAlī Akbar.</subfield>
  </datafield>
  <datafield tag="880" ind1="1" ind2=" ">
    <subfield code="6">100-01/(3/r</subfield>
    <subfield code="a">فيض الكاشي، محمد بن مرتضى,</subfield>
    <subfield code="d">1598 or 1599-1680 or 1681.</subfield>
  </datafield>
  <datafield tag="880" ind1="1" ind2="2">
    <subfield code="6">245-02/(3/r</subfield>
    <subfield code="a">المحجة البيضاء في تهذيب الإحياء /</subfield>
    <subfield code="c">تأليف محمد بن المربضى المدعو بالمولى محسن الكاشاني ؛ صححه وعلق عليه علي أكبر الغفاري.</subfield>
  </datafield>
  <datafield tag="880" ind1=" " ind2=" ">
    <subfield code="6">260-03/(3/r</subfield>
    <subfield code="a">طهران :</subfield>
    <subfield code="b">مكتبة الصدوق،</subfield>
    <subfield code="c">١٣٣٩-١٣٤٢.</subfield>
  </datafield>
  <datafield tag="880" ind1="0" ind2="4">
    <subfield code="6">600-04/(3/r</subfield>
    <subfield code="a">غزالي,</subfield>
    <subfield code="d">1058-1111.</subfield>
    <subfield code="t">إحياء علوم الدين.</subfield>
  </datafield>
  <datafield tag="880" ind1="1" ind2=" ">
    <subfield code="6">700-05/(3/r</subfield>
    <subfield code="a">غفاري، علي أكبر.</subfield>
  </datafield>
  <datafield tag="955" ind1=" " ind2=" ">
    <subfield code="b">0026811430</subfield>
    <subfield code="d">glx</subfield>
    <subfield code="e">B753.G33 I54</subfield>
    <subfield code="v">v.2</subfield>
  </datafield>
</record>
</collection>